[gd_scene load_steps=13 format=2]

[ext_resource path="res://Resources/Sprites/bg_menu.png" type="Texture" id=1]
[ext_resource path="res://Resources/Sprites/Slot/btn_paging_left.png" type="Texture" id=2]
[ext_resource path="res://Resources/Sprites/Slot/btn_paging_right.png" type="Texture" id=3]
[ext_resource path="res://Scripts/Slot/LevelsWPaging.gd" type="Script" id=4]
[ext_resource path="res://Resources/Sprites/Slot/btn_lvl_1.png" type="Texture" id=5]
[ext_resource path="res://Resources/Sprites/Slot/btn_lvl_2.png" type="Texture" id=6]
[ext_resource path="res://Resources/Sprites/Slot/btn_lvl_3.png" type="Texture" id=7]

[sub_resource type="StyleBoxTexture" id=3]
texture = ExtResource( 5 )
region_rect = Rect2( 0, 0, 299, 628 )

[sub_resource type="StyleBoxTexture" id=4]
texture = ExtResource( 6 )
region_rect = Rect2( 0, 0, 299, 628 )

[sub_resource type="StyleBoxTexture" id=5]
texture = ExtResource( 7 )
region_rect = Rect2( 0, 0, 303, 630 )

[sub_resource type="StyleBoxTexture" id=1]
texture = ExtResource( 2 )
region_rect = Rect2( 0, 0, 49, 120 )

[sub_resource type="StyleBoxTexture" id=2]
texture = ExtResource( 3 )
region_rect = Rect2( 0, 0, 49, 120 )

[node name="LevelsWPaging" type="Control"]
anchor_right = 1.0
anchor_bottom = 1.0
script = ExtResource( 4 )
__meta__ = {
"_edit_use_anchors_": false
}

[node name="BG" type="TextureRect" parent="."]
anchor_right = 1.0
anchor_bottom = 1.0
texture = ExtResource( 1 )
expand = true

[node name="Box" type="HBoxContainer" parent="."]
anchor_top = 0.5
anchor_bottom = 0.5
margin_top = -263.5
margin_right = 897.0
margin_bottom = 364.5
grow_vertical = 2
custom_constants/separation = 0
alignment = 1
__meta__ = {
"_edit_use_anchors_": false
}

[node name="BtnLvl1" type="Button" parent="Box"]
margin_right = 299.0
margin_bottom = 628.0
rect_min_size = Vector2( 299, 628 )
focus_mode = 0
custom_styles/hover = SubResource( 3 )
custom_styles/pressed = SubResource( 3 )
custom_styles/focus = SubResource( 3 )
custom_styles/disabled = SubResource( 3 )
custom_styles/normal = SubResource( 3 )
shortcut_in_tooltip = false
enabled_focus_mode = 0

[node name="BtnLvl2" type="Button" parent="Box"]
margin_left = 299.0
margin_right = 598.0
margin_bottom = 628.0
rect_min_size = Vector2( 299, 628 )
focus_mode = 0
custom_styles/hover = SubResource( 4 )
custom_styles/pressed = SubResource( 4 )
custom_styles/focus = SubResource( 4 )
custom_styles/disabled = SubResource( 4 )
custom_styles/normal = SubResource( 4 )
shortcut_in_tooltip = false
enabled_focus_mode = 0

[node name="BtnLvl3" type="Button" parent="Box"]
margin_left = 598.0
margin_right = 897.0
margin_bottom = 628.0
rect_min_size = Vector2( 299, 628 )
focus_mode = 0
custom_styles/hover = SubResource( 5 )
custom_styles/pressed = SubResource( 5 )
custom_styles/focus = SubResource( 5 )
custom_styles/disabled = SubResource( 5 )
custom_styles/normal = SubResource( 5 )
shortcut_in_tooltip = false
enabled_focus_mode = 0

[node name="BtnLeft" type="Button" parent="."]
anchor_top = 0.5
anchor_bottom = 0.5
margin_top = -60.0
margin_right = 49.0
margin_bottom = 60.0
focus_mode = 0
custom_styles/hover = SubResource( 1 )
custom_styles/pressed = SubResource( 1 )
custom_styles/focus = SubResource( 1 )
custom_styles/disabled = SubResource( 1 )
custom_styles/normal = SubResource( 1 )
shortcut_in_tooltip = false
enabled_focus_mode = 0
__meta__ = {
"_edit_use_anchors_": false
}

[node name="BtnRight" type="Button" parent="."]
anchor_left = 1.0
anchor_top = 0.5
anchor_right = 1.0
anchor_bottom = 0.5
margin_left = -49.0
margin_top = -60.0
margin_bottom = 60.0
focus_mode = 0
custom_styles/hover = SubResource( 2 )
custom_styles/pressed = SubResource( 2 )
custom_styles/focus = SubResource( 2 )
custom_styles/disabled = SubResource( 2 )
custom_styles/normal = SubResource( 2 )
shortcut_in_tooltip = false
enabled_focus_mode = 0

[connection signal="pressed" from="Box/BtnLvl1" to="." method="_on_BtnLvl1_pressed"]
[connection signal="pressed" from="Box/BtnLvl2" to="." method="_on_BtnLvl2_pressed"]
[connection signal="pressed" from="Box/BtnLvl3" to="." method="_on_BtnLvl3_pressed"]
[connection signal="pressed" from="BtnLeft" to="." method="_on_BtnLeft_pressed"]
[connection signal="pressed" from="BtnRight" to="." method="_on_BtnRight_pressed"]
